@book{battin1999,
  author = "Richard H. Battin",
  title = "An introduction to the Mathematics and Methods of Astrodynamics, Revised Edition",
  publisher = "American Institute of Aeronautics and Astronautics",
  year = "1999"
}

@book{brauer1977,
  author = {G. L. Brauer and D. E. Cornick and R. Stevenson},
  title = {Capabilities and Applications of the Program to Optimize Simulated Trajectories (POST). Program Summary Document. NASA CR-2770},
  year = 1977, 
  publisher = {NASA},
  url = {https://ntrs.nasa.gov/archive/nasa/casi.ntrs.nasa.gov/19770012832.pdf}
}

@InProceedings{elliott2009,
  author    = "Conal Elliott",
  title     = "Beautiful differentiation",
  booktitle = "International Conference on Functional Programming (ICFP)",
  year      = 2009,
  url       = {http://conal.net/papers/beautiful-differentiation},
}

@book{gantmacher1950,
  author = "F. R. Gantmacher and L. M. Levin",
  title = "Equations of Motion of a Rocket (Technical Memorandum 1255)",
  publisher = "National Advisory Committee for Aeronautics (NACA)",
  year = "1950",
  url = {https://apps.dtic.mil/dtic/tr/fulltext/u2/a801581.pdf}
}

@article{holt2009,
  author = "J.B. Holt and T. S. Monk",
  title = "Propellant Mass Fraction Calculation Methodology for Launch Vehicles and Application to Ares Vehicles",
  journal = "AIAA SPACE 2009 Conference and Exposition, AIAA SPACE Forum",
  year = "2009",
  doi = {10.2514/6.2009-6655},
  url = {https://ntrs.nasa.gov/archive/nasa/casi.ntrs.nasa.gov/20090037584.pdf}
}

@article{kibbey2015,
  author = "T. P. Kibbey",
  title = "Rho-{I}sp Revisited and Basic Stage Mass Estimating for Launch Vehicle Conceptual Sizing Studies",
  journal = "AIAA/SAE/ASEE Joint Propulsion Conference, AIAA Propulsion and Energy Forum",
  publisher = "American Institute of Aeronautics and Astronautics",
  year = "2015",
  doi = {10.2514/6.2015-3791},
  url = {https://ntrs.nasa.gov/archive/nasa/casi.ntrs.nasa.gov/20150016561.pdf}
}

@book{maynard1966,
  author = "O. E. Maynard and J. R. Sevier",
  title = "Apollo Lunar Landing Mission Symposium",
  publisher = "NASA",
  year = "1966",
  volume = "1, General Mission Summary"
}

@article{prince2011,
  author = {Jill L. Prince and Prasun N. Desai and Eric M. Queen and Myron R. Grover},
  title = {Mars Phoenix Entry, Descent and Landing Simulation Design and Modelling Analysis},
  journal = {Journal of Spacecraft and Rockets},
  volume = 48,
  number = 5,
  pages = {754--764},
  year = 2011,
  doi = {10.2514/1.46561},
  url = {https://ntrs.nasa.gov/archive/nasa/casi.ntrs.nasa.gov/20080033126.pdf}
}